@book{koza92,
		author    = "Koza, John R.",
		title     = "Genetic Programming: On the Programming of Computers by Means of Natural Selection",
		publisher = "MIT Press",
		year      = "1992"
}

@misc{ wiki:latex,
       author = "Wikipedia",
       title = "LaTeX --- Wikipedia{,} La enciclopedia libre",
       year = "2015",
       url = "https://es.wikipedia.org/w/index.php?title=LaTeX&oldid=84209252",
       note = "[Internet; descargado 30-septiembre-2015]"
}

@article{bortolot2005,
  title={Estimating forest biomass using small footprint LiDAR data: An individual tree-based approach that incorporates training data},
  author={Bortolot, Zachary J and Wynne, Randolph H},
  journal={ISPRS Journal of Photogrammetry and Remote Sensing},
  volume={59},
  number={6},
  pages={342--360},
  year={2005},
  publisher={Elsevier}
}


@misc{Parkinson1,
	author = {Instituto Nacional de Trastornos Neurológicos y accidentes Cerebrovasculares},
	title = "Enfermedad de Parkinson",
	howpublished = {\url{https://espanol.ninds.nih.gov/es/trastornos/enfermedad-de-parkinson}},
    year = "2022"
}

@book{Parkinson2,
		author    = "Karin Wirdefeldt  and Hans-Olov Adami and Philip Cole and Dimitrios Trichopoulos and Jack Mandel",
		title     = "Epidemiology and etiology of Parkinson's disease: a review of the evidence",
		publisher = "National Library of Medicine",
		year      = "2011"
}

@article{Parkinson2,
  title={Epidemiology and etiology of Parkinson's disease: a review of the evidence},
  author={Karin Wirdefeldt, Hans-Olov Adami, Philip Cole, Dimitrios Trichopoulos and Jack Mandel},
  journal={ISPRS Journal of Photogrammetry and Remote Sensing},
  %volume={59},
  number={26},
  pages={1--58},
  year={2011},
  publisher={National Library of Medicine}
}

@book{Parkinson3,
		author    = "Lauren Hirsch and Nathalie Jette and Alexandra Frolkis and Thomas Steeves and Tamara Pringsheim",
		title     = "The Incidence of Parkinson's Disease: A Systematic Review and Meta-Analysis",
		publisher = "National Library of Medicine",
		year      = "2016"
}

@book{Parkinson4,
		author    = "A Priyadarshi and S A Khuder and E A Schaub and S S Priyadarshi",
		title     = "Environmental risk factors and Parkinson's disease: a metaanalysis",
		publisher = "National Library of Medicine",
		year      = "2001"
}

@misc{Parkinson1,
	author = {Instituto Nacional de Trastornos Neurológicos y accidentes Cerebrovasculares},
	title = "Enfermedad de Parkinson",
	howpublished = {\url{https://es.wikipedia.org/w/index.php?title=Visi}},
    year = "2022"
}

@article{enrique2019latencia,
  title={Latencia diagn{\'o}stica en la enfermedad de Parkinson y su relaci{\'o}n con los s{\'\i}ntomas prodr{\'o}micos motores y no motores},
  author={Enrique, Parra Medina Luis and Gloria, Arankowsky Sandoval and Efra{\'\i}n, Salazar Ceballos Jorge and Luis, G{\'o}ngora Alfaro Jos{\'e}},
  journal={eNeurobiolog{\'\i}a},
  volume={10},
  number={25},
  pages={1},
  year={2019},
  publisher={Centro de Investigaciones Cerebrales}
}

@article{saba2022guidelines,
  title={Guidelines for Parkinson’s disease treatment: consensus from the Movement Disorders Scientific Department of the Brazilian Academy of Neurology-motor symptoms},
  author={Saba, Roberta Arb and Maia, D{\'e}bora Palma and Cardoso, Francisco Eduardo Costa and Borges, Vanderci and F Andrade, Luiz Augusto and Ferraz, Henrique Ballalai and Barbosa, Egberto Reis and Rieder, Carlos Roberto de Mello and da Silva, Delson Jos{\'e} and Chien, Hsin Fen and others},
  journal={Arquivos de Neuro-Psiquiatria},
  volume={80},
  pages={316--329},
  year={2022},
  publisher={SciELO Brasil}
}

@article{garcia2016informe,
  title={Informe de la Fundaci{\'o}n del Cerebro sobre el impacto social de la enfermedad de Parkinson en Espa{\~n}a},
  author={Garc{\'\i}a-Ramos, R and Vald{\'e}s, E L{\'o}pez and Ballesteros, L and Jes{\'u}s, S de and Mir, P},
  journal={Neurolog{\'\i}a},
  volume={31},
  number={6},
  pages={401--413},
  year={2016},
  publisher={Elsevier}
}

@article{ortiz2020diferencias,
  title={Diferencias de g{\'e}nero en pacientes con depresi{\'o}n y ansiedad con Enfermedad de Parkinson},
  author={Ortiz-Genaro, Gabriel and Gonz{\'a}lez-Usigli, H{\'e}ctor and Pacheco-Mois{\'e}s, Ferm{\'\i}n Paul and Vel{\'a}zquez-Brizuela, Irma Ernestina and S{\'a}nchez-L{\'o}pez, Ang{\'e}lica Lizeth and Gonz{\'a}lez-Renovato, Erika Daniela and Mesa-Acu{\~n}a, Aid{\'e} Irene and Torres-Mendoza, Blanca Miriam and Delgado-Lara, Daniela Lucero},
  journal={Archivos de Neurociencias},
  volume={25},
  number={1},
  pages={51--60},
  year={2020}
}

@inproceedings{fayyad1996kdd,
  title={KDD for Science Data Analysis: Issues and Examples.},
  author={Fayyad, Usama M and Haussler, David and Stolorz, Paul E},
  booktitle={KDD},
  pages={50--56},
  year={1996}
}

@article{mauricio2007analisis,
  title={An{\'a}lisis de series temporales},
  author={Mauricio, Jos{\'e} Alberto},
  journal={Universidad Complutence de Madrid},
  year={2007}
}

@article{marcos2006tecnicas,
  title={T{\'e}cnicas y algoritmos b{\'a}sicos de visi{\'o}n artificial},
  author={Marcos, Ana Gonz{\'a}lez and de Pis{\'o}n Ascac{\'\i}bar, Francisco Javier Mart{\'\i}nez and El{\'\i}as, Fernando Alba and Limas, Manuel Castej{\'o}n and Mer{\'e}, Joaqu{\'\i}n Bienvenido Ordieres and Gonz{\'a}lez, Eliseo Pablo Vergara and others},
  journal={T{\'e}cnicas y Algoritmos B{\'a}sicos de Visi{\'o}n Artificial},
  year={2006},
  publisher={Universidad de la Rioja}
}

@article{garcia2015vision,
  title={La visi{\'o}n artificial y los campos de aplicaci{\'o}n},
  author={Garc{\'\i}a, Iv{\'a}n and Caranqui, V{\'\i}ctor},
  journal={Tierra infinita},
  volume={1},
  number={1},
  pages={98--108},
  year={2015}
}

@article{dang2019deep,
  title={Deep learning based 2d human pose estimation: A survey},
  author={Dang, Qi and Yin, Jianqin and Wang, Bin and Zheng, Wenqing},
  journal={Tsinghua Science and Technology},
  volume={24},
  number={6},
  pages={663--676},
  year={2019},
  publisher={TUP}
}

@article{s16121966,
AUTHOR = {Gong, Wenjuan and Zhang, Xuena and Gonzàlez, Jordi and Sobral, Andrews and Bouwmans, Thierry and Tu, Changhe and Zahzah, El-hadi},
TITLE = {Human Pose Estimation from Monocular Images: A Comprehensive Survey},
JOURNAL = {Sensors},
VOLUME = {16},
YEAR = {2016},
NUMBER = {12},
ARTICLE-NUMBER = {1966},
URL = {https://www.mdpi.com/1424-8220/16/12/1966},
ISSN = {1424-8220},
DOI = {10.3390/s16121966}
}

@book{bishop2006pattern,
  title={Pattern recognition and machine learning},
  author={Bishop, Christopher M and Nasrabadi, Nasser M},
  volume={4},
  number={4},
  year={2006},
  publisher={Springer}
}

@article{jain2017optimal,
  title={Optimal warping paths are unique for almost every pair of time series},
  author={Jain, Brijnesh J and Schultz, David},
  journal={arXiv preprint arXiv:1705.05681},
  year={2017}
}

@article{arevalo2004libreria,
  title={La librer{\'\i}a de visi{\'o}n artificial opencv. aplicaci{\'o}n a la docencia e investigaci{\'o}n},
  author={Ar{\'e}valo, V and Gonz{\'a}lez, J and Ambrosio, G},
  journal={Base Inform{\'a}tica},
  volume={40},
  pages={61--66},
  year={2004},
  publisher={Asociaci{\'o}n de Doctores, Licenciados e Ingenieros en Inform{\'a}tica}
}

@article{bonilla2020redes,
  title={Redes Convolucionales},
  author={Bonilla Carri{\'o}n, Carmelo},
  year={2020}
}

@book{perez2007mineria,
  title={Miner{\'\i}a de datos. T{\'e}cnicas y herramientas: t{\'e}cnicas y herramientas},
  author={P{\'e}rez L{\'o}pez, C{\'e}sar and Santin Gonz{\'a}lez, Daniel},
  year={2007},
  publisher={Editorial Paraninfo}
}

@article{priyadarshi2001environmental,
  title={Environmental risk factors and Parkinson's disease: a metaanalysis},
  author={Priyadarshi, Anumeet and Khuder, Sadik A and Schaub, Eric A and Priyadarshi, Snigdha S},
  journal={Environmental research},
  volume={86},
  number={2},
  pages={122--127},
  year={2001},
  publisher={Elsevier}
}

@article{wirdefeldt2011epidemiology,
  title={Epidemiology and etiology of Parkinson’s disease: a review of the evidence},
  author={Wirdefeldt, Karin and Adami, Hans-Olov and Cole, Philip and Trichopoulos, Dimitrios and Mandel, Jack},
  journal={European journal of epidemiology},
  volume={26},
  number={1},
  pages={1--58},
  year={2011},
  publisher={Springer}
}

@article{hirsch2016incidence,
  title={The incidence of Parkinson's disease: a systematic review and meta-analysis},
  author={Hirsch, Lauren and Jette, Nathalie and Frolkis, Alexandra and Steeves, Thomas and Pringsheim, Tamara},
  journal={Neuroepidemiology},
  volume={46},
  number={4},
  pages={292--300},
  year={2016},
  publisher={Karger Publishers}
}


@misc{wiki:mediPlus,
     author = "Bethesda (MD): Biblioteca Nacional de Medicina (EE. UU.)",
     title = "Enfermedad de Parkinson",
     year = "[actualizado 1 mayo 2019; revisado 30 oct. 2018; consulta 30 ago. 2019]",
     url = "https://medlineplus.gov/spanish/parkinsonsdisease.html",
}

@article{MOROZ2009S42,
title = {Rehabilitation Interventions in Parkinson Disease},
journal = {PM&R},
volume = {1},
number = {3, Supplement },
pages = {S42-S48},
year = {2009},
issn = {1934-1482},
doi = {https://doi.org/10.1016/j.pmrj.2009.01.018},
url = {https://www.sciencedirect.com/science/article/pii/S1934148209001166},
author = {Alex Moroz and Steven R. Edgley and Henry L. Lew and John Chae and Lisa A. Lombard and Cara Camiolo Reddy and Keith M. Robinson},
}

[1] https://espanol.ninds.nih.gov/es/trastornos/enfermedad-de-parkinson
[1.2] Wirdefeldt K, Adami H-O, Cole P, Trichopoulos D, Mandel J. Epidemiology and etiology of Parkinson’s disease: a review of the evidence. Eur J Epidemiol. 2011; 26(Sup 1): 1-58. doi: 10.1007/s10654-011-9581-6.
[1.3] Hirsch L, Jette N, Frolkis A, Steeves T, Pringsheim T. The incidence of Parkinson’s disease: a systematic review and meta-analysis. Neuroepidemiology. 2016; 46(4): 292-300. DOI: 10.1159/000445751.
[1.4] Priyadarshi A, Khuder SA, Schaub EA, Priyadarshi SS. Environmental risk factors and Parkinson’s disease: a metaanalysis. Environ Res. 2001; 86(2): 122-127. DOI: 10.1006/enrs.2001.4264

@article{mckinney2011pandas,
  title={pandas: a foundational Python library for data analysis and statistics},
  author={McKinney, Wes and others},
  journal={Python for high performance and scientific computing},
  volume={14},
  number={9},
  pages={1--9},
  year={2011},
  publisher={Seattle}
}

@article{tavenard2020tslearn,
  title={Tslearn, a machine learning toolkit for time series data.},
  author={Tavenard, Romain and Faouzi, Johann and Vandewiele, Gilles and Divo, Felix and Androz, Guillaume and Holtz, Chester and Payne, Marie and Yurchak, Roman and Ru{\ss}wurm, Marc and Kolar, Kushal and others},
  journal={J. Mach. Learn. Res.},
  volume={21},
  number={118},
  pages={1--6},
  year={2020}
}

@misc{wiki:poses,
     author = "Mrinal Walia",
     title = "Una guía completa sobre la estimación de la pose humana",
     year = "[actualizado 115 mayo 2019; revisado 10 nov. 2018; consulta 10 abr. 2022]",
     url = "https://www.zephyrnet.com/es/una-gu%C3%ADa-completa-sobre-la-estimación-de-la-pose-humana/"
}

@article{muller2007dynamic,
  title={Dynamic time warping},
  author={M{\"u}ller, Meinard},
  journal={Information retrieval for music and motion},
  pages={69--84},
  year={2007},
  publisher={Springer}
}

@article{zhang2020dynamic,
  title={Dynamic Time Warping},
  author={Zhang, Jeremy},
  journal={Towards Data Science. https://towardsdatascience. com/dynamic-time-warping-3933f25fcdd. Retrieved Oct},
  volume={8},
  pages={2021},
  year={2020}
}

@misc{wiki:dt1,
     author = "Python Software Foundation",
     title = "Usando PyPI, pydtw",
     year = "Jun 20,2022",
     howpublished = {\url{https://pypi.org/project/dtaidistance}}
}
  
@misc{wiki:pydtw1,
     author = "Python Software Foundation",
     title = "Usando PyPI, Time Series Distances",
     year = "Apr 26, 2019",
     howpublished = {\url{https://pypi.org/project/pydtw}}
}

@article{beniz2016using,
  title={Using Tkinter of python to create graphical user interface (GUI) for scripts in LNLS},
  author={Beniz, Douglas and Espindola, Alexey and others},
  journal={WEPOPRPO25},
  volume={9},
  pages={25--28},
  year={2016}
}

@misc{wiki:Detectron2018,
  author = {Ross Girshick and Ilija Radosavovic and Georgia Gkioxari and Piotr Doll\'{a}r and Kaiming He},
  title = {Detectron},
  howpublished = {\url{https://github.com/facebookresearch/detectron}},
  year = {2018}
}

@inproceedings{dollar2017mask,
  title={Mask r-cnn},
  author={Doll{\'a}r, Kaiming He Georgia Gkioxari Piotr and Girshick, Ross},
  booktitle={Proceedings of the IEEE international conference on computer vision},
  pages={2961--2969},
  year={2017}
}

@inproceedings{lin2017focal,
  title={Focal loss for dense object detection},
  author={Lin, Tsung-Yi and Goyal, Priya and Girshick, Ross and He, Kaiming and Doll{\'a}r, Piotr},
  booktitle={Proceedings of the IEEE international conference on computer vision},
  pages={2980--2988},
  year={2017}
}

@article{ren2015faster,
  title={Faster r-cnn: Towards real-time object detection with region proposal networks},
  author={Ren, Shaoqing and He, Kaiming and Girshick, Ross and Sun, Jian},
  journal={Advances in neural information processing systems},
  volume={28},
  year={2015}
}

@misc{wu2019detectron2,
  author =       {Yuxin Wu and Alexander Kirillov and Francisco Massa and
                  Wan-Yen Lo and Ross Girshick},
  title =        {Detectron2},
  howpublished = {\url{https://github.com/facebookresearch/detectron2}},
  year =         {2019}
}

@misc{docker,
  author =       {Docker docs},
  title =        {Docker overview},
  howpublished = {\url{https://docs.docker.com/get-started/overview/}},
  year =         {2022}
}

@article{aghanavesi2020feasibility,
  title={Feasibility of using dynamic time warping to measure motor states in Parkinson’s disease},
  author={Aghanavesi, Somayeh and Fleyeh, Hasan and Dougherty, Mark},
  journal={Journal of Sensors},
  volume={2020},
  year={2020},
  publisher={Hindawi}
}

@Article{s19132882,
AUTHOR = {Yu, Xiaoqun and Xiong, Shuping},
TITLE = {A Dynamic Time Warping Based Algorithm to Evaluate Kinect-Enabled Home-Based Physical Rehabilitation Exercises for Older People},
JOURNAL = {Sensors},
VOLUME = {19},
YEAR = {2019},
NUMBER = {13},
ARTICLE-NUMBER = {2882},
URL = {https://www.mdpi.com/1424-8220/19/13/2882},
ISSN = {1424-8220},
DOI = {10.3390/s19132882}
}

@misc{scipy,
  author = {docs scipy},
  title = {scipy.signal.find_peaks},
  %howpublished = {\url{https://docs.scipy.org/doc/scipy/reference/generated/scipy.signal.find\_peaks.html}},
  year = {2019}
}

@article{CRUZ2021103530,
title = {Ensemble of convolutional neural networks based on an evolutionary algorithm applied to an industrial welding process},
journal = {Computers in Industry},
volume = {133},
pages = {103530},
year = {2021},
issn = {0166-3615},
doi = {https://doi.org/10.1016/j.compind.2021.103530},
url = {https://www.sciencedirect.com/science/article/pii/S0166361521001378}
}

@misc{latex,
    eswiki:144454134,
    author = "Wikipedia",
    title = "LaTeX --- Wikipedia{,} La enciclopedia libre",
    year = "2022",
    url = "\url{https://es.wikipedia.org/w/index.php?title=LaTeX&oldid=144454134}",
    note = "[Internet; descargado 28-junio-2022]"
}