@book{koza92,
		author    = "Koza, John R.",
		title     = "Genetic Programming: On the Programming of Computers by Means of Natural Selection",
		publisher = "MIT Press",
		year      = "1992"
}

@MISC {salariales,
	author       = "Indeed",
	title        = "Salarios para empleos de {A.C.S.} Informáticos en {España}",
	howpublished ="\url{https://www.indeed.es/cmp/A.c.s.-Inform%C3%A1ticos/salaries}",
	month        = "jun",
	year         = "2019"
}

@misc{wu2019detectron2,
  author =       {Yuxin Wu and Alexander Kirillov and Francisco Massa and
                  Wan-Yen Lo and Ross Girshick},
  title =        {Detectron2},
  howpublished = {\url{https://github.com/facebookresearch/detectron2}},
  year =         {2019}
}

@misc{ toolkitnvidiadocker,
	author = "ArchLinux Wiki Authors",
	title = "Docker",
	year = "2020",
	howpublished = "\url{https://wiki.archlinux.org/index.php?title=Docker&oldid=622596}",
	note = "[Internet; descargado 31-junio-2020]"
}

@misc{ wiki:latex,
       author = "Wikipedia",
       title = "LaTeX --- Wikipedia{,} La enciclopedia libre",
       year = "2015",
       url = "https://es.wikipedia.org/w/index.php?title=LaTeX&oldid=84209252",
       note = "[Internet; descargado 30-septiembre-2015]"
}
@article{trigas2012metodologia,
  title={Metodologia scrum},
  author={Trig{\'a}s Gallego, Manuel},
  year={2012},
  publisher={Universitat Oberta de catalunya}
}

@misc{wiki: salarioBruto,
        author = "Indeed",
        title = "Salarios para empleos de a.c.s. informáticos en españa",
        url = "https://www.indeed.es/cmp/A.c.s.-Inform\%C3\%A1ticos/salaries", 
        year = "jun 2019."
}


@misc{ wiki:drawio,
       title = "Diagrams.net",
       year = "29 November 2021",
       howpublished = {\url{https://app.diagrams.net}}
}

@misc{ wiki:anaconda,
        author = "Pythonista",
        title = "Anaconda Python y Conda",
        year = "2022",
        howpublished = {\url{https://elpythonista.com/anaconda}}
}

@misc{ wiki:tensorflow,
        author = "Tensorflow",
        title = "Plataforma de extremo a extremo de código abierto para el aprendizaje automático",
        year = "2022",
        howpublished = {\url{https://www.tensorflow.org}}
}

@misc{ wiki:nvidia,
        author = "NVIDIA",
        title = "NVIDIA Software",
        year = "2021",
        howpublished = {\url{https://www.nvidia.com/es-la/drivers/nvidia-software/}}
}

@misc{ wiki:cuda,
        author = "NVIDIA",
        title = "Zona CUDA",
        year = "2022",
        howpublished = {\url{https://developer.nvidia.com/cuda-zone}}
}


